@article{HelMetrFrQMod,
  author  = {Хелемский, А.Я.},
  title   = {Метрическая свобода и проективность для классических и квантовых нормированных модулей},
  journal = {Матем. сб.},
  volume  = {204},
  number  = {7},
  year    = {2013}
}

@article{ShtTopFrClassicQuantMod,
  author  = {Штейнер, С.М.},
  title   = {Топологическая свобода для классических и квантовых нормированных модулей},
  journal = {Вестник Самарского государственного университета},
  volume  = {9/1(110)},
  pages   = {49--57},
  year    = {2013}
}

@article{KotheTopProjBanSp,
  author    = {K{\"o}the, G.},
  title     = {Hebbare lokalkonvexe R{\"a}ume},
  journal   = {Mathematische Annalen},
  volume    = {165},
  number    = {3},
  pages     = {181--195},
  year      = {1966},
  publisher = {Springer}
}

@article{GrothMetrProjFlatBanSp,
  author  = {Grothendieck, A.},
  title   = {Une caract{\'e}risation vectorielle-m{\'e}trique des espaces $\it{L}_1$},
  journal = {Canad. J. Math},
  volume  = {7},
  pages   = {552--561},
  year    = {1955}
}

@book{HelBanLocConvAlg,
  author    = {Хелемский, А.Я.},
  title     = {Банаховы и полинормированные алгебры: общая теория, представления, гомологии},
  year      = {1989},
  publisher = {М.:Наука}
}

@phdthesis{RamsHomPropSemgroupAlg,
  author = {Ramsden, P.},
  title  = {Homological properties of semigroup algebras},
  year   = {2009},
  school = {The University of Leeds}
}

@article{NemMetTopProjIdBanAlg,
  title     = {Метрически и топологически проективные идеалы банаховых алгебр},
  author    = {Немеш Н. Т.},
  journal   = {Математические заметки},
  volume    = {99},
  number    = {4},
  pages     = {526--536},
  year      = {2016},
  publisher = {Российская академия наук, Отделение математических наук}
}

@book{HelHomolBanTopAlg,
  author    = {Хелемский, А.Я.},
  title     = {Гомология в банаховых и топологических алгебрах},
  year      = {1986},
  publisher = {М.:изд-во МГУ}
}

@article{WhiteInjmoduAlg,
  author    = {White, M.C.},
  title     = {Injective modules for uniform algebras},
  journal   = {Proceedings of the London Mathematical Society},
  volume    = {3},
  number    = {1},
  pages     = {155--184},
  year      = {1996},
  publisher = {Oxford University Press}
}

@book{LaceyIsomThOfClassicBanSp,
  author    = {Lacey, H.E.},
  title     = {The isometric theory of classical Banach spaces},
  year      = {1974},
  publisher = {Springer}
}

@book{JohnLinHandbookGeomBanSp,
  author    = {Johnson, W.B. and Lindenstrauss, J.},
  title     = {Handbook of the geometry of Banach spaces},
  volume    = {2},
  year      = {2001},
  publisher = {Elsevier}
}

@article{DalPolHomolPropGrAlg,
  author    = {Dales, H.G. and Polyakov, M.E.},
  title     = {Homological properties of modules over group algebras},
  journal   = {Proceedings of the London Mathematical Society},
  volume    = {89},
  number    = {2},
  pages     = {390--426},
  year      = {2004},
  publisher = {Oxford University Press}
}

@article{HelMetrFlatNorMod,
  author    = {Helemskii, A.Ya.},
  title     = {Metric version of flatness and Hahn-Banach type theorems for normed modules over sequence algebras},
  journal   = {Studia mathematica},
  volume    = {206},
  number    = {2},
  pages     = {135--160},
  year      = {2011},
  publisher = {Institute of Mathematics}
}

@article{LinPelAbsSumOpInLpSpAndApp,
  author  = {Lindenstrauss, J. and Pelczynski, A.},
  title   = {Absolutely summing operators in $\mathscr{L}_p$-spaces and their applications},
  journal = {Studia Mathematica},
  number  = {3},
  pages   = {275--326},
  volume  = {29},
  year    = {1968}
}

@article{StegRethNucOpL1LInfSp,
  author  = {Stegall, C.P. and Retherford, J.R.},
  title   = {Fully nuclear and completely nuclear operators with applications to $\mathscr{L}_1$-and $\mathscr{L}_\infty$-spaces},
  journal = {Transactions of the American Mathematical Society},
  volume  = {163},
  pages   = {457--492},
  year    = {1972}
}

@article{PosAndApproxIdinBanAlg,
  author  = {Blecher D. P., Ozawa N.},
  title   = {Real positivity and approximate identities in Banach algebras},
  journal = {Pacific Journal of Mathematics},
  volume  = {277},
  number  = {1},
  pages   = {1-59},
  year    = {2015}
}

@article{BleContrAppIdInOpAlg,
  author    = {Blecher, D.P. and Read, C.J.},
  title     = {Operator algebras with contractive approximate identities},
  journal   = {Journal of Functional Analysis},
  volume    = {261},
  number    = {1},
  pages     = {188--217},
  year      = {2011},
  publisher = {Elsevier}
}

@book{DefFloTensNorOpId,
  author    = {Defant, A. and Floret, K.},
  title     = {Tensor norms and operator ideals},
  volume    = {176},
  year      = {1992},
  publisher = {Elsevier}
}

@inproceedings{GravInjProjBanMod,
  author       = {Graven, A.W.M.},
  title        = {Injective and projective Banach modules},
  booktitle    = {Indagationes Mathematicae (Proceedings)},
  volume       = {82},
  pages        = {253--272},
  year         = {1979},
  organization = {Elsevier}
}

@book{HelLectAndExOnFuncAn,
  author    = {Хелемский, А.Я.},
  title     = {Лекции по функциональному анализу},
  year      = {2015},
  publisher = {МЦНМО}
}

@inproceedings{GonzDPPInTensProd,
  author       = {Gonz{\'a}lez, M. and Guti{\'e}rrez, J.},
  title        = {The Dunford--Pettis property on tensor products},
  booktitle    = {Mathematical Proceedings of the Cambridge Philosophical Society},
  volume       = {131},
  pages        = {185--192},
  year         = {2001},
  organization = {Cambridge Univ Press}
}

@book{BourgNewClOfLpSp,
  author    = {Bourgain, J.},
  title     = {New classes of $\mathscr{L}_p$-spaces},
  year      = {1981},
  publisher = {Springer}
}

@book{KalAlbTopicsBanSpTh,
  author    = {Albiac, F. and Kalton, N.J.},
  title     = {Topics in Banach space theory},
  volume    = {233},
  year      = {2006},
  publisher = {Springer}
}

@book{FabHabBanSpTh,
  author    = {Fabian, M. and Habala, P.},
  title     = {Banach space theory},
  year      = {2011},
  publisher = {Springer}
}

@article{BourgOnTheDPP,
  title   = {On the Dunford-Pettis property},
  author  = {Bourgain, J.},
  journal = {Proceedings of the American Mathematical Society},
  volume  = {81},
  number  = {2},
  pages   = {265--272},
  year    = {1981}
}

@article{RachInjModAndAmenGr,
  author  = {Racher, G.},
  title   = {Injective modules and amenable groups},
  journal = {Commentarii Mathematici Helvetici},
  volume  = {88},
  number  = {4},
  pages   = {1023--1031},
  year    = {2013}
}

@book{PierAmenLCA,
  author    = {Pier, J.-P.},
  title     = {Amenable locally compact groups},
  year      = {1984},
  publisher = {Wiley-Interscience}
}
