@article{HahnLinSystInLinSp,
  author={Hahn, H.},
  title={{\"U}ber lineare Gleichungssysteme in linearen R{\"a}umen.},
  journal={J. Reine Angew. Math.},
  volume={157},
  pages={214--229},
  year={1927}
}

@article{BanachOnLinFuncI,
  author={Banach, S.},
  title={Sur les fonctionnelles lin{\'e}aires},
  journal={Stud. Math.},
  volume={1},
  number={1},
  pages={211--216},
  year={1929}
}

@article{BanachOnLinFuncII,
  author={Banach, S.},
  title={Sur les fonctionnelles lin{\'e}aires II},
  journal={Stud. Math.},
  volume={1},
  number={1},
  pages={223--239},
  year={1929}
}

@article{NachThOfHahnBanachType,
  author={Nachbin, L.},
  title={A theorem of the Hahn-Banach type for linear transformations},
  journal={Trans. Amer. Math. Soc.},
  pages={28--46},
  year={1950},
  publisher={JSTOR}
}

@article{GooProjInNorLinSp,
  author={Goodner, D.},
  title={Projections in normed linear spaces},
  journal={Trans. Amer. Math. Soc.},
  pages={89--108},
  year={1950},
  publisher={JSTOR}
}

@article{KellBanSpWithExtProp,
  title={Banach spaces with the extension property},
  author={Kelley, J.L.},
  journal={Trans. Amer. Math. Soc.},
  pages={323--326},
  year={1952},
  publisher={JSTOR}
}

@article{HasumiExtPropComplBanSp,
  author={Hasumi, M.},
  title={The extension property of complex Banach spaces},
  journal={Tohoku Math. J. (2)},
  volume={10},
  number={2},
  pages={135--142},
  year={1958},
  publisher={東北大学大学院理学研究科数学専攻}
}

@article{KotheTopProjBanSp,
  author={K{\"o}the, G.},
  title={Hebbare lokalkonvexe R{\"a}ume},
  journal={Math. Ann.},
  volume={165},
  number={3},
  pages={181--195},
  year={1966},
  publisher={Springer}
}

@article{GrothMetrProjFlatBanSp,
  author={Grothendieck, A.},
  title={Une caract{\'e}risation vectorielle-m{\'e}trique des espaces $\it{L}_1$},
  journal={Canad. J. Math.},
  volume={7},
  pages={552--561},
  year={1955}
}

@article{StegRethNucOpL1LInfSp,
  author={Stegall, C.P. and Retherford, J.R.},
  title={Fully nuclear and completely nuclear operators with applications to $\mathscr{L}_1$-and $\mathscr{L}_\infty$-spaces},
  journal={Trans. Amer. Math. Soc.},
  volume={163},
  pages={457--492},
  year={1972}
}

@article{HelMetrFrQMod,
  author={Хелемский, А.Я.},
  title={Метрическая свобода и проективность для классических и квантовых нормированных модулей},
  journal={Матем. сборник},
  volume={204},
  number={7},
  year={2013}
}

@article{OnSepInjBanSp,
  author={Avil{\'e}s, A. and S{\'a}nchez, F.C. and Castillo, J.M.F. and Gonz{\'a}lez, M. and Moreno, Y.},
  title={On separably injective Banach spaces},
  journal={Adv. Math.},
  volume={234},
  pages={192--216},
  year={2013},
  publisher={Elsevier}
}

@article{DunfSpecOp,
  author={Dunford, N.},
  title={Spectral operators},
  journal={Pacific J. Math.},
  volume={4},
  number={3},
  pages={321--354},
  year={1954}
}

@article{KamohomGrComBanAlg,
  title={Cohomology groups of commutative Banach algebras},
  author={Kamowitz, H.},
  journal={Trans. Amer. Math. Soc.},
  volume={102},
  number={2},
  pages={352--372},
  year={1962},
  publisher={JSTOR}
}


@article{GuichardetHomolCohomolBanAlg,
  author={Guichardet, A.},
  title={Sur l'homologie et la cohomologie des alg{\'e}bres de Banach},
  volume={265},
  pages={38-41},
  year={1966},
  journal={C. R. Acad. Sci. Paris Ser. A}
}

@article{JohnsonWeddebDecompBanAlgWithFinDimRad,
  author={Johnson, B.E.},
  title={The Wedderburn decomposition of Banach algebras with finite dimensional radical},
  journal={Amer. J. Math.},
  pages={866--876},
  year={1968},
  publisher={JSTOR}
}

@article{HelemHomolDimNorModBanAlg,
  author={Хелемский, А.Я.},
  title={О гомологической размерности нормированных модулей над банаховыми алгебрами},
  journal={Матем. сборник},
  volume={81},
  number={3},
  pages={430--444},
  year={1970},
  publisher={Российская академия наук, Отделение математических наук}
}

@book{EilenbergMooreFoundOfRelHomolAlg,
  author={Eilenberg, S. and Moore, J.C.},
  title={Foundations of relative homological algebra},
  volume={55},
  year={1965},
  publisher={American Mathematical Society}
}

@article{PugachProjAndFlatIdealOfBanAlg,
  author={Пугач, Л.И.},
  title={Проективные и плоские идеалы функциональных алгебр, их связь с аналитической структурой},
  journal={Матем. заметки},
  volume={31},
  number={2},
  pages={223--229},
  year={1982},
  publisher={Российская академия наук, Отделение математических наук}
}

@article{PugachHmolPropFuncAlgAndAnalytPolyDiscs,
  author={Пугач, Л.И.},
  title={Гомологические свойства функциональных алгебр и аналитические полидиски в их пространствах максимальных идеалов},
  journal={Rev. Roumaine Math. Pures Appl.},
  volume={31},
  pages={347--356},
  year={1986}}
  
@inproceedings{HelemDescRelProjIdealCOmega,
  author={Хелемский, А.Я.},
  title={Описание относительно проективных идеалов в алгебрах $\it{C(\Omega)}$},
  booktitle={Докл. АН СССР},
  volume={195},
  pages={1286--1289},
  year={1970}
}

@article{KurmakDependStrctHomolDimOfCOmegaOnOmega,
  author={Курмакаева, Е.Ш.},
  title={Зависимость строгой гомологической размерности $\it{C(\Omega)}$ от топологии $\it{\Omega}$},
  journal={Матем. заметки},
  volume={55},
  number={3},
  pages={76--83},
  year={1994},
  publisher={Российская академия наук, Отделение математических наук}
}

@article{SelivanovHomolDimOfCyclMod,
  author={Селиванов, Ю.В.},
  title={Гомологическая размерность циклических банаховых модулей и гомологическая характеризация метризуемых компактов},
  journal={Матем. заметки},
  volume={17},
  number={2},
  pages={301--305},
  year={1975},
  publisher={Российская академия наук, Отделение математических наук}
}

@article{HelemHomolEssenceConnAmen,
  author={Хелемский, А.Я.},
  title={Гомологическая сущность аменабельности по Конну: инъективность предуального бимодуля},
  journal={Матем. сборник},
  volume={180},
  number={12},
  pages={1680--1690},
  year={1989},
  publisher={Российская академия наук, Отделение математических наук}
}

@article{HelemProjHomolClassifOfCStarAlg,
  author={Helemskii, A.Ya.},
  title={Projective homological classification of $\it{C^*}$-algebras},
  journal={Comm. Algebra},
  volume={26},
  number={3},
  pages={977--996},
  year={1998},
  publisher={Taylor \& Francis}
}

@inproceedings{HelemWedderburnTypeThForOpAlgAndMod,
  author={Helemskii, A.Ya.},
  title={Wedderburn-type theorems for operator algebras and modules: traditional and ``quantized'' homological approaches},
  booktitle={Topological Homology: Helemskii's Moscow Seminar},
  pages={57--92},
  year={2000},
  organiztion={Nova Science Publisher Inc.}
}

@article{GolovibHomolPropHilbModOverNestOpAlg,
  author={Головин, Ю.О.},
  title={Гомологические свойства гильбертовых модулей над гнездовыми операторными алгебрами},
  journal={Матем. заметки},
  volume={41},
  number={6},
  pages={769--775},
  year={1987},
  publisher={Российская академия наук, Отделение математических наук}
}

@article{GolovinSpatProjPropInClOfCSLAlg,
  author={Головин, Ю.О.},
  title={Свойство пространственной проективности в классе \it{CSL}-алгебр с атомным коммутантом},
  journal={Фундамент. и прикл. матем},
  volume={1},
  number={1},
  pages={147--159},
  year={1995}
}

@book{JohnsonCohomolBanAlg,
  author={Johnson, B.E.},
  title={Cohomology in Banach algebras},
  volume={127},
  year={1972},
  publisher={American Mathematical Society}
}

@article{HamInjEnvBanMod,
  author={Hamana, M.},
  title={Injective envelopes of Banach modules},
  journal={Tohoku Math. J.},
  volume={30},
  number={3},
  pages={439--453},
  year={1978},
  publisher={Tohoku University}
}

@inproceedings{GravInjProjBanMod,
  author={Graven, A.W.M.},
  title={Injective and projective Banach modules},
  booktitle={Indag. Math. (Proceedings)},
  volume={82},
  issue={1},
  pages={253--272},
  year={1979},
  organization={Elsevier}
}

@article{HelemSheinbergFlatBanModAndAmenBanAlg,
  author={Хелемский, А.Я.},
  title={Плоские банаховы модули и аменабельные алгебры},
  journal={Труды Моск. матем. об-ва},
  volume={47},
  pages={179--218},
  year={1984},
  publisher={Московское математическое общество}
}

@article{WhiteInjmoduAlg,
  author={White, M.C.},
  title={Injective modules for uniform algebras},
  journal={Proc. Lond. Math. Soc.},
  volume={3},
  number={1},
  pages={155--184},
  year={1996},
  publisher={Oxford University Press}
}

@article{HelemNonMatrVersnExtPrincplByArvsnWttstck,
  title={Безматричная версия принципа продолжения Арвесона-Виттстока и ее обобщение},
  author={Хелемский, А.Я.},
  journal={Функц. анал. и прил.},
  volume={42},
  number={3},
  pages={63--70},
  year={2008},
  publisher={Российская академия наук, Отделение математических наук}
}

@article{HelemExtrmVersnProjNorModOverSeqAlgs,
  title={Extreme version of projectivity for normed modules over sequence algebras},
  author={Helemskii, A.Ya.},
  journal={Canad. J. Math.},
  volume={65},
  number={3},
  pages={559--574},
  year={2013}
}

@article{SelivProjOfSomeBanModAndStrctBanAlg,
  title={Проективность некоторых банаховых модулей и строение банаховых алгебр},
  author={Селиванов, Ю.В.},
  journal={Изв. вузов. Математика},
  number={1},
  pages={110--116},
  year={1978},
  publisher={Казанский (Приволжский) федеральный университет}
}

@phdthesis{RamsHomPropSemgroupAlg,
  author={Ramsden, P.},
  title={Homological properties of semigroup algebras},
  year={2009},
  school={The University of Leeds}
}

@article{GronbeakLiftProblmNorSp,
  author={Grønbæk, N.},
  journal={Ann. Funct. Anal.},
  number={1},
  pages={118--126},
  publisher={Duke University Press},
  title={Lifting Problems for Normed Spaces},
  year={2016},
  volume={7}
}

@book{HavLinComplAnalPrblmBook,
  author={Havin, V.P. and Hruscev, S.V. and Nikol'skii, N.K. and  Vasyunin, V.I.},
  title={Linear and complex analysis problem book},
  year={1984},
  publisher={Springer}
}

@book{KashivShapCatsAndSheavs,
  author={Kashiwara, M. and Schapira, P.},
  title={Categories and sheaves},
  volume={332},
  year={2006},
  publisher={Springer}
}

@book{BourbElemMathGenTopLivIII,
  author={Bourbaki, N.},
  title={{\'E}l{\'e}ments de math{\'e}matique. Nouvelle {\'e}dition. Les Structures fondamentales de l'analyse.[Livre III.] Topologie g{\'e}n{\'e}rale.},
  year={1963},
  publisher={Hermann}
}

@book{FremMeasTh,
  author={Fremlin, D.H.},
  title={Measure Theory, Vol. 1-5},
  year={2003},
  publisher={Torres Fremlin},
}

@book{TakThOpAlgVol1,
  author={Takesaki, M.},
  title={Theory of operator algebras},
  volume={I},
  year={1979},
  publisher={Springer-Verlag}
}

@book{JohnLinHandbookGeomBanSp,
  author={Johnson, W.B. and Lindenstrauss, J.},
  title={Handbook of the geometry of Banach spaces},
  volume={2},
  year={2001},
  publisher={Elsevier}
}

@book{DiestMetTheoryOfTensProd,
  author={Diestel, J. and Fourie, J.H. and Swart, J.},
  title={The metric theory of tensor products: Grothendieck's r{\'e}sum{\'e} revisited},
  year={2008},
  publisher={American Mathematical Society}
}

@article{DalLauSecondDualOfMeasAlg,
  author={Dales, H.G. and Lau, A.T.-M. and Strauss, D.},
  title={Second duals of measure algebras},
  journal={Dissertationes Math. (Rozprawy Mat.)},
  volume={481},
  pages={1--121},
  year={2012}
}

@book{ConwACoursInFuncAn,
  author={Conway, J.B.},
  title={A course in functional analysis},
  year={1985},
  publisher={Springer-Verlag}
}

@article{LinPelAbsSumOpInLpSpAndApp,
  author = {Lindenstrauss, J. and Pelczynski, A.},
  title = {Absolutely summing operators in $\mathscr{L}_p$-spaces and their applications},
  journal = {Stud. Math.},
  number = {3},
  pages = {275--326},
  volume = {29},
  year = {1968}
}

@book{DiestAbsSumOps,
  title={Absolutely summing operators},
  author={Diestel, J. and Jarchow, H. and Tonge, A.},
  volume={43},
  year={1995},
  publisher={Cambridge University Press}
}

@book{BourgNewClOfLpSp,
  author={Bourgain, J.},
  title={New classes of $\mathscr{L}_p$-spaces},
  year={1981},
  publisher={Springer}
}

@book{CarothShortCourseBanSp,
  author={Carothers, N.L.},
  title={A short course on Banach space theory},
  volume={64},
  year={2005},
  publisher={Cambridge University Press}
}

@article{PhilOnLinTransfrm,
  author={Phillips, R.S.},
  title={On linear transformations},
  journal={Trans. Amer. Math. Soc.},
  volume={48},
  number={3},
  pages={516--541},
  year={1940},
  publisher={JSTOR}
}

@book{KalAlbTopicsBanSpTh,
  author={Albiac, F. and Kalton, N.J.},
  title={Topics in Banach space theory},
  volume={233},
  year={2006},
  publisher={Springer}
}
    
@book{DefFloTensNorOpId,
  author={Defant, A. and Floret, K.},
  title={Tensor norms and operator ideals},
  volume={176},
  year={1992},
  publisher={Elsevier}
}

@book{HewRossAbstrHarmAnalVol1,
  author={Hewit, E. and Ross, K.A.},
  title={Abstract harmonic analysis},
  volume={1},
  year={1979},
  publisher={Springer-Verlag}
}

@book{SemadeniProjInjDual,
  author = {Semadeni, Z.},
  title = {Projectivity, injectivity and duality},
  location = {Warszawa},
  year = {1963},
  publisher = {IMPAN},
}

@article{ShtTopFrClassicQuantMod,
  author={Штейнер, С.М.},
  title={Топологическая свобода для классических и квантовых нормированных модулей},
  journal={Вестн. СамГУ. Естественнонаучн. сер.},
  volume={9/1(110)},
  pages={49--57},
  year={2013},
}


@book{LaceyIsomThOfClassicBanSp,
  author={Lacey, H.E.},
  title={The isometric theory of classical Banach spaces},
  year={1974},
  publisher={Springer}
}

@article{GrothApllFaiblCompSpCK,
  author={Grothendieck, A.},
  title={Sur les applications lin{\'e}aires faiblement compactes d'espaces du type $\it{C(K)}$},
  journal={Canad. J. Math.},
  volume={5},
  number={1953},
  pages={129--173},
  year={1953}
}

@book{MeggIntroBanSpTh,
  author={Megginson, R.E.},
  title={An introduction to Banach space theory},
  volume={183},
  year={1998},
  publisher={Springer}
}

@book{FabHabBanSpTh,
  author={Fabian, M. and Habala, P.},
  title={Banach space theory},
  year={2011},
  publisher={Springer}
}

@article{SherOrderInOpAlg,
  author={Sherman, S.},
  title={Order in operator algebras},
  journal={Amer. J. Math.},
  pages={227--232},
  year={1951},
  publisher={JSTOR}
}

@article{KadOrderPropOfBoundSAOps,
  author={Kadison, R.V.},
  title={Order properties of bounded self-adjoint operators},
  journal={Proc. Amer. Math. Soc.},
  volume={2},
  number={3},
  pages={505--510},
  year={1951},
  publisher={JSTOR}
}

@article{BourgOnTheDPP,
  title={On the Dunford-Pettis property},
  author={Bourgain, J.},
  journal={Proc. Amer. Math. Soc.},
  volume={81},
  number={2},
  pages={265--272},
  year={1981}
}

@article{KaplProjInBanAlg,
  author={Kaplansky, I.},
  title={Projections in Banach algebras},
  journal={Ann. Math.},
  pages={235--249},
  year={1951},
  publisher={JSTOR}
}

@book{KaniBanAlg,
  author={Kaniuth, E.},
  title={A course in commutative Banach algebras},
  volume={246},
  year={2009},
  publisher={Springer}
}

@book{DalesIntroBanAlgOpHarmAnal,
  author={Dales, H.G.},
  title={Introduction to Banach algebras, operators, and harmonic analysis},
  volume={57},
  year={2003},
  publisher={Cambridge University Press}
}

@book{HelBanLocConvAlg,
  author={Хелемский, А.Я.},
  title={Банаховы и полинормированные алгебры: общая теория, представления, гомологии},
  year={1989},
  publisher={Наука}
}

@book{HelHomolBanTopAlg,
  author={Хелемский, А.Я.},
  title={Гомология в банаховых и топологических алгебрах},
  year={1986},
  publisher={МГУ}
}


@book{BerbBaerStarRings,
  title={Baer $*$-Rings: Reprint of the 1972 Edition with Errata List and Later Developments Indicated},
  author={Berberian, S.K.},
  volume={195},
  year={1972},
  publisher={Springer Science \& Business Media}
}

@article{HelMetrFlatNorMod,
  author={Helemskii, A.Ya.},
  title={Metric version of flatness and Hahn-Banach type theorems for normed modules over sequence algebras},
  journal={Stud. Math.},
  volume={206},
  number={2},
  pages={135--160},
  year={2011},
  publisher={Institute of Mathematics}
}

@book{AppIdAndFactorInBanAlg,
  author={Doran, R.S. and Wichmann, J.},
  title={Approximate identities and factorization in Banach modules},
  year={1979},
  publisher={Springer}
}

@article{PosAndApproxIdinBanAlg,
  author={Blecher, D.P., Ozawa N.},
  title={Real positivity and approximate identities in Banach algebras},
  journal={Pacific J. Math.},
  volume={277},
  number={1},
  pages={1-59},
  year={2015}
}

@article{BleContrAppIdInOpAlg,
  author={Blecher, D.P. and Read, C.J.},
  title={Operator algebras with contractive approximate identities},
  journal={J. Funct. Anal.},
  volume={261},
  number={1},
  pages={188--217},
  year={2011},
  publisher={Elsevier}
}

@book{HelLectAndExOnFuncAn,
  author={Хелемский, А.Я.},
  title={Лекции по функциональному анализу},
  year={2015},
  publisher={МЦНМО}
}

@book{PierAmenLCA,
  author={Pier, J.-P.},
  title={Amenable locally compact groups},
  year={1984},
  publisher={Wiley-Interscience}
}

@article{BlackadarOpAlg,
  author={Blackadar, B.},
  title={Operator algebras},
  journal={Encyclopaedia Math. Sci.},
  volume={122},
  year={2006},
  publisher={Springer}
}

@book{DalBanAlgAutCont,
  author={Dales, H.G.},
  title={Banach algebras and automatic continuity},
  year={2000},
  publisher={Clarendon Press}
}

@inproceedings{GonzDPPInTensProd,
  author={Gonz{\'a}lez, M. and Guti{\'e}rrez, J.},
  title={The Dunford--Pettis property on tensor products},
  booktitle={Math. Proc. Cambridge Philos. Soc.},
  volume={131},
  number={01},
  pages={185--192},
  year={2001},
  organization={Cambridge University Press}
}

@book{RosProjTransInvSbspLpG,
  title={Projections onto translation-invariant subspaces of $L_p(G)$},
  author={Rosenthal, H.P.},
  number={63},
  year={1966},
  publisher={American Mathematical Society}
}

@article{BleKanFinGenCStarAlgHilbMod,
  author={Blecher, D.P. and Kania, T.},
  title={Finite generation in $\it{C^*}$-algebras and Hilbert $\it{C^*}$-modules},
  journal={Stud. Math.},
  volume={224},
  number={2},
  pages={143--151},
  year={2014}
}

@article{LykProjOfBanAndCStarAlgsOfContFld,
  title={Projectivity of Banach and $\it{C^*}$-algebras of continuous fields},
  author={Cushing, D. and Lykova, Z.A.},
  journal={Q. J. Math.},
  volume={64},
  number={2},
  pages={341--371},
  year={2013},
  publisher={Oxford University Press}
}

@article{SakWeakCompOpOnOpAlg,
  author={Sakai, S.},
  title={Weakly compact operators on operator algebras},
  journal={Pacific J. Math.},
  volume={14},
  number={2},
  pages={659--664},
  year={1964}
}

@article{RundeAmenConstFour,
  author={Runde, V.},
  title={The amenability constant of the Fourier algebra},
  journal={Proc. Amer. Math. Soc.},
  volume={134},
  number={5},
  pages={1473--1481},
  year={2006}
}

@inproceedings{TakHanBanThAndJordDecomOfModMap,
  author={Takesaki, M.},
  title={On the Hahn-Banach type theorem and the Jordan decomposition of module linear mapping over some operator algebras},
  booktitle={Kodai Mathematical Seminar Reports},
  volume={12},
  number={1},
  pages={1--10},
  year={1960},
  organization={Tokyo Institute of Technology, Department of Mathematics}
}

@article{LauLoyWillisAmnblOfBanAndCStarAlgsOfLCG,
  title={Amenability of Banach and $\it{C^*}$-algebras on locally compact groups},
  author={Lau, A.T.-M. and Loy, R.J. and Willis, G.A.},
  journal={Stud. Math.},
  volume={119},
  number={2},
  pages={161--178},
  year={1996},
  publisher={IMPAN}
}

@article{GorLewAbsSmOpAndLocUncondStrct,
  author={Gordon, Y. and  Lewis, D.R.},
  title={Absolutely summing operators and local unconditional structures},
  journal={Acta Math.},
  volume={133},
  number={1},
  pages={27--48},
  year={1974},
  publisher={Springer}
}

@book{BroOzaCStarAlgFinDimApprox,
  title={$\it{C^*}$-algebras and finite-dimensional approximations},
  author={Brown, N.P. and Ozawa, N.},
  volume={88},
  year={2008},
  publisher={American Mathematical Society}
}

@article{HaaNucCStarAlgAmen,
  title={All nuclear $\it{C^*}$-algebras are amenable},
  author={Haagerup, U.},
  journal={Invent. Math.},
  volume={74},
  number={2},
  pages={305--319},
  year={1983},
  publisher={Springer}
}


@book{MurphyCStarAlgsAndOpTh,
  author={Murphy, G.J.},
  title={$\it{C^*}$-algebras and operator theory},
  year={2014},
  publisher={Academic Press}
}

@article{SmithDecompPropCStarAlg,
  author={Smith, R.R. and Williams, D.P.},
  title={The decomposition property for $\it{C^*}$-algebras},
  journal={J. Operator Theory},
  volume={16},
  pages={51--74},
  year={1986}
}

@book{DavCSatrAlgByExmpl,
  author={Davidson, K.R.},
  title={$\it{C^*}$-algebras by example},
  volume={6},
  year={1996},
  publisher={American Mathematical Society}
}

@article{WendLeftCentrzrs,
  author={Wendel, J.G.},
  title={Left centralizers and isomorphisms of group algebras},
  journal={Pacific J. Math.},
  volume={2},
  number={3},
  pages={251--261},
  year={1952}
}

@article{RosOnRelDisjFamOfMeas,
  author={Rosenthal, H.},
  title={On relatively disjoint families of measures, with some applications to Banach space theory},
  journal={Stud. Math.},
  volume={37},
  number={1},
  pages={13--36},
  year={1970},
  publisher={IMPAN}
}

@book{WojBanSpForAnalysts,
  author={Wojtaszczyk, P.},
  title={Banach spaces for analysts},
  volume={25},
  year={1996},
  publisher={Cambridge University Press}
}

@article{LauMingComplSubspInLInfOfG,
  author={Lau, A. and Losert, V.},
  title={Complementation of certain subspaces of $\it{L_\infty(G)}$ of a locally compact group},
  journal={Pacific J. Math.},
  volume={141},
  number={2},
  pages={295--310},
  year={1990}
}

@article{LyubIsomEmdbFinDimLp,
  author={Lyubich, Yu.I. and Shatalova, O.A.},
  title={Isometric embeddings of finite-dimensional $\ell_p$-spaces over the quaternions},
  journal={St. Petersburg Math. J.},
  volume={16},
  number={1},
  pages={9--24},
  year={2005}
}

@article{DalPolHomolPropGrAlg,
  author={Dales, H.G. and Polyakov, M.E.},
  title={Homological properties of modules over group algebras},
  journal={Proc. Lond. Math. Soc.},
  volume={89},
  number={2},
  pages={390--426},
  year={2004},
  publisher={Oxford University Press}
}

@article{RachInjModAndAmenGr,
  author={Racher, G.},
  title={Injective modules and amenable groups},
  journal={Comment. Math. Helv.},
  volume={88},
  number={4},
  pages={1023--1031},
  year={2013}
}

@article{HelTensProdAndMultModLp,
  author={Хелемский, А.Я.},
  title={Тензорные произведения и мультипликаторы модулей $\it{L_p}$ на локально компактных пространствах с мерой},
  journal={Матем. заметки},
  volume={96},
  number={3},
  pages={450-469},
  year={2014}
}

@book{HavLinComplAnalPrblmBook,
  author={Havin, V.P. and Hruscev, S.V. and Nikol'skii, N.K. and  Vasyunin, V.I.},
  title={Linear and complex analysis problem book},
  year={1984},
  publisher={Springer}
}

@article{GronbeakLiftProblmNorSp,
  author={Grønbæk, N.},
  journal={Ann. Funct. Anal.},
  number={1},
  pages={118--126},
  publisher={Duke University Press},
  title={Lifting Problems for Normed Spaces},
  year={2016},
  volume={7}
}

@article{HelMetrFrQMod,
  author={Хелемский, А.Я.},
  title={Метрическая свобода и проективность для классических и квантовых нормированных модулей},
  journal={Матем. сборник},
  volume={204},
  number={7},
  year={2013}
}

@article{NemMetTopProjIdBanAlg,
  keywords={phdresult},
  title={Метрически и топологически проективные идеалы банаховых алгебр},
  author={Немеш, Н.Т.},
  journal={Матем. заметки},
  volume={99},
  number={4},
  pages={526-533},
  year={2016}
}

@article{NemTopInjCStarAlg,
  keywords={phdresult},
  title={Топологически инъективные $\it{C^*}$-алгебры},
  author={Немеш, Н.Т.},
  journal={Функц. анал. и прил.},
  volume={50},
  number={1},
  pages={88--91},
  year={2016},
}

@article{NemHomolTrivCatModLp,
  keywords={phdresult},
  title={Гомологическая тривиальность категории модулей $\it{L_p}$},
  author={Немеш, Н.Т.},
  journal={Вест. Моск. ун-та. Сер 1. Математика. Механика},
  volume={71},
  number={4},
  pages={3--12},
  year={2016}
}