@book{EngelGenTop,
  author={Engelking, R.},
  title={General topology},
  year={1989},
  publisher={Heldermann}
}

@book{KashivShapCatsAndSheavs,
  author={Kashiwara, M. and Schapira, P.},
  title={Categories and sheaves},
  volume={332},
  year={2006},
  publisher={Springer}
}

@book{BourbElemMathGenTopLivIII,
  author={Bourbaki, N.},
  title={{\'E}l{\'e}ments de math{\'e}matique. Nouvelle {\'e}dition. Les Structures fondamentales de l'analyse.[Livre III.] Topologie g{\'e}n{\'e}rale.},
  year={1963},
  publisher={Hermann}
}

@book{FremMeasTh,
  author={Fremlin, D.H.},
  title={Measure Theory, Vol. 1-5},
  year={2003},
  publisher={Torres Fremlin},
}

@book{TakThOpAlgVol1,
  author={Takesaki, M.},
  title={Theory of operator algebras},
  volume={I},
  year={1979},
  publisher={Springer-Verlag}
}

@book{JohnLinHandbookGeomBanSp,
  author={Johnson, W.B. and Lindenstrauss J.},
  title={Handbook of the geometry of Banach spaces},
  volume={2},
  year={2001},
  publisher={Elsevier}
}

@book{DiestMetTheoryOfTensProd,
  author={Diestel, J. and Fourie, J.H. and Swart J.},
  title={The metric theory of tensor products: Grothendieck's r{\'e}sum{\'e} revisited},
  year={2008},
  publisher={American Mathematical Society}
}

@article{DalLauSecondDualOfMeasAlg,
  author={Dales, H.G. and Lau, A.T.-M. and Strauss, D.},
  title={Second duals of measure algebras},
  journal={Dissertationes Math. (Rozprawy Mat.)},
  volume={481},
  pages={1--121},
  year={2012}
}

@book{ConwACoursInFuncAn,
  author={Conway, J.B.},
  title={A course in functional analysis},
  year={1985},
  publisher={Springer-Verlag}
}

@article{LinPelAbsSumOpInLpSpAndApp,
  author = {Lindenstrauss J. and Pelczynski A.},
  title = {Absolutely summing operators in $\mathscr{L}_p$-spaces and their applications},
  journal = {Stud. Math.},
  number = {3},
  pages = {275--326},
  volume = {29},
  year = {1968}
}

@book{DiestAbsSumOps,
  title={Absolutely summing operators},
  author={Diestel, J. and Jarchow, H. and Tonge, A.},
  volume={43},
  year={1995},
  publisher={Cambridge University Press}
}

@book{CarothShortCourseBanSp,
  author={Carothers, N.L.},
  title={A short course on Banach space theory},
  volume={64},
  year={2005},
  publisher={Cambridge University Press}
}

@book{KalAlbTopicsBanSpTh,
  author={Albiac, F. and Kalton, N.J.},
  title={Topics in Banach space theory},
  volume={233},
  year={2006},
  publisher={Springer}
}
    
@book{DefFloTensNorOpId,
  author={Defant, A. and Floret, K.},
  title={Tensor norms and operator ideals},
  volume={176},
  year={1992},
  publisher={Elsevier}
}

@book{HewRossAbstrHarmAnalVol1,
  author={Hewit, E. and Ross, K.A.},
  title={Abstract harmonic analysis},
  volume={1},
  year={1979},
  publisher={Springer-Verlag}
}

@book{SemadeniProjInjDual,
  author = {Semadeni, Z.},
  title = {Projectivity, injectivity and duality},
  location = {Warszawa},
  year = {1963},
  publisher = {IMPAN},
}

@article{HelMetrFrQMod,
  author={Helemskii, A.Ya.},
  title={Metric freeness and projectivity for classical and quantum normed modules},
  journal={Sb. Mat.},
  volume={204},
  number={7},
  pages={1056--1083},
  year={2013},
  publisher={IOP Publishing}
}

@article{ShtTopFrClassicQuantMod,
  author={Shteiner, S.M.},
  title={Topological freedom for classical and quantum normed modules},
  journal={Vestnik SamGU},
  volume={9/1(110)},
  number={},
  pages={49--57},
  year={2013},
}

@article{KotheTopProjBanSp,
  author={K{\"o}the, G.},
  title={Hebbare lokalkonvexe R{\"a}ume},
  journal={Math. Ann.},
  volume={165},
  number={3},
  pages={181--195},
  year={1966},
  publisher={Springer}
}

@article{GrothMetrProjFlatBanSp,
  author={Grothendieck, A.},
  title={Une caract{\'e}risation vectorielle-m{\'e}trique des espaces $\it{L}_1$},
  journal={Canad. J. Math.},
  volume={7},
  pages={552--561},
  year={1955}
}

@book{LaceyIsomThOfClassicBanSp,
  author={Lacey, H.E.},
  title={The isometric theory of classical Banach spaces},
  year={1974},
  publisher={Springer}
}

@article{GrothApllFaiblCompSpCK,
  author={Grothendieck, A.},
  title={Sur les applications lin{\'e}aires faiblement compactes d'espaces du type $\it{C(K)}$},
  journal={Canad. J. Math.},
  volume={5},
  number={1953},
  pages={129--173},
  year={1953}
}

@book{MeggIntroBanSpTh,
  author={Megginson, R.E.},
  title={An introduction to Banach space theory},
  volume={183},
  year={1998},
  publisher={Springer}
}

@book{FabHabBanSpTh,
  author={Fabian, M. and Habala, P.},
  title={Banach space theory},
  year={2011},
  publisher={Springer}
}

@article{SherOrderInOpAlg,
  author={Sherman, S.},
  title={Order in operator algebras},
  journal={Amer. J. Math.},
  pages={227--232},
  year={1951},
  publisher={JSTOR}
}

@article{KadOrderPropOfBoundSAOps,
  author={Kadison, R.V.},
  title={Order properties of bounded self-adjoint operators},
  journal={Proc. Amer. Math. Soc.},
  volume={2},
  number={3},
  pages={505--510},
  year={1951},
  publisher={JSTOR}
}

@article{BourgOnTheDPP,
  title={On the Dunford-Pettis property},
  author={Bourgain, J.},
  journal={Proc. Amer. Math. Soc.},
  volume={81},
  number={2},
  pages={265--272},
  year={1981}
}

@article{KaplProjInBanAlg,
  author={Kaplansky, I.},
  title={Projections in Banach algebras},
  journal={Ann. of Math.},
  pages={235--249},
  year={1951},
  publisher={JSTOR}
}

@book{KaniBanAlg,
  author={Kaniuth, E.},
  title={A course in commutative Banach algebras},
  volume={246},
  year={2009},
  publisher={Springer}
}

@book{DalesIntroBanAlgOpHarmAnal,
  author={Dales, H.G.},
  title={Introduction to Banach algebras, operators, and harmonic analysis},
  volume={57},
  year={2003},
  publisher={Cambridge University Press}
}

@book{HelBanLocConvAlg,
  author={Helemskii, A.Ya.},
  title={Banach and locally convex algebras},
  year={1993},
  publisher={Oxford University Press}
}

@book{HelHomolBanTopAlg,
  author={Helemskii, A.Ya.},
  title={The homology of Banach and topological algebras},
  volume={41},
  year={1989},
  publisher={Springer}
}

@book{BerbBaerStarRings,
  title={Baer $*$-Rings: Reprint of the 1972 Edition with Errata List and Later Developments Indicated},
  author={Berberian, S.K.},
  volume={195},
  year={1972},
  publisher={Springer Science \& Business Media}
}

@article{WhiteInjmoduAlg,
  author={White, M.C.},
  title={Injective modules for uniform algebras},
  journal={Proc. Lond. Math. Soc.},
  volume={3},
  number={1},
  pages={155--184},
  year={1996},
  publisher={Oxford University Press}
}

@article{HelMetrFlatNorMod,
  author={Helemskii, A.Ya.},
  title={Metric version of flatness and Hahn-Banach type theorems for normed modules over sequence algebras},
  journal={Stud. Math.},
  volume={206},
  number={2},
  pages={135--160},
  year={2011},
  publisher={Institute of Mathematics}
}

@book{AppIdAndFactorInBanAlg,
  author={Doran, R.S. and Wichmann, J.},
  title={Approximate identities and factorization in Banach modules},
  year={1979},
  publisher={Springer}
}

@article{PosAndApproxIdinBanAlg,
  author={Blecher, D.P. and Ozawa, N.},
  title={Real positivity and approximate identities in Banach algebras},
  journal={Pacific J. Math.},
  volume={277},
  number={1},
  pages={1-59},
  year={2015}
}

@article{BleContrAppIdInOpAlg,
  author={Blecher, D.P. and Read, C.J.},
  title={Operator algebras with contractive approximate identities},
  journal={J. Funct. Anal.},
  volume={261},
  number={1},
  pages={188--217},
  year={2011},
  publisher={Elsevier}
}


@book{HelLectAndExOnFuncAn,
  author={Helemskii, A.Ya.},
  title={Lectures and exercises on functional analysis},
  volume={233},
  year={2006},
  publisher={American Mathematical Society Providence, RI}
}

@book{PierAmenLCA,
  author={Pier, J.-P.},
  title={Amenable locally compact groups},
  year={1984},
  publisher={Wiley-Interscience}
}

@phdthesis{RamsHomPropSemgroupAlg,
  author={Ramsden, P.},
  title={Homological properties of semigroup algebras},
  year={2009},
  school={The University of Leeds}
}

@article{BlackadarOpAlg,
  author={Blackadar, B.},
  title={Operator algebras},
  journal={Encyclopaedia Math. Sci.},
  volume={122},
  year={2006},
  publisher={Springer}
}

@book{DalBanAlgAutCont,
  author={Dales, H.G.},
  title={Banach algebras and automatic continuity},
  year={2000},
  publisher={Clarendon Press}
}

@inproceedings{GonzDPPInTensProd,
  author={Gonz{\'a}lez M., Guti{\'e}rrez J.},
  title={The Dunfor--Pettis property on tensor products},
  booktitle={Math. Proc. Cambridge Philos. Soc.},
  volume={131},
  number={01},
  pages={185--192},
  year={2001},
  organization={Cambridge University Press}
}

@book{RosProjTransInvSbspLpG,
  title={Projections onto translation-invariant subspaces of $L_p(G)$},
  author={Rosenthal, H.P.},
  year={1966},
  publisher={American Mathematical Society}
}

@article{BleKanFinGenCStarAlgHilbMod,
  author={Blecher, D.P. and Kania, T.},
  title={Finite generation in $\it{C^*}$-algebras and Hilbert $\it{C^*}$-modules},
  journal={Stud. Math.},
  volume={224},
  number={2},
  pages={143--151},
  year={2014}
}

@article{LykProjOfBanAndCStarAlgsOfContFld,
  title={Projectivity of Banach and $\it{C^*}$-algebras of continuous fields},
  author={Cushing, D. and Lykova, Z.A.},
  journal={Q. J. Math.},
  volume={64},
  number={2},
  pages={341--371},
  year={2013},
  publisher={Oxford University Press}
}

@article{SakWeakCompOpOnOpAlg,
  author={Sakai, S.},
  title={Weakly compact operators on operator algebras},
  journal={Pacific J. Math.},
  volume={14},
  number={2},
  pages={659--664},
  year={1964}
}

@article{HamInjEnvBanMod,
  author={Hamana, M.},
  title={Injective envelopes of Banach modules},
  journal={T{\^o}hoku Math. J. (2)},
  volume={30},
  number={3},
  pages={439--453},
  year={1978},
  publisher={Tohoku University}
}

@inproceedings{TakHanBanThAndJordDecomOfModMap,
  author={Takesaki M.},
  title={On the Hahn-Banach type theorem and the Jordan decomposition of module linear mapping over some operator algebras},
  booktitle={Kodai Mathematical Seminar Reports},
  volume={12},
  pages={1--10},
  year={1960},
  organization={Tokyo Institute of Technology, Department of Mathematics}
}

@article{LauLoyWillisAmnblOfBanAndCStarAlgsOfLCG,
  title={Amenability of Banach and $\it{C^*}$-algebras on locally compact groups},
  author={Lau, A.T.-M. and Loy, R.J. and Willis, G.A.},
  journal={Studia Mathematica},
  volume={119},
  number={2},
  pages={161--178},
  year={1996},
  publisher={IMPAN}
}

@article{GorLewAbsSmOpAndLocUncondStrct,
  author={Gordon, Y. and Lewis, D.R.},
  title={Absolutely summing operators and local unconditional structures},
  journal={Acta Math.},
  volume={133},
  number={1},
  pages={27--48},
  year={1974},
  publisher={Springer}
}

@book{BroOzaCStarAlgFinDimApprox,
  title={$\it{C^*}$-algebras and finite-dimensional approximations},
  author={Brown, N.P. and Ozawa, N.},
  volume={88},
  year={2008},
  publisher={American Mathematical Society}
}

@article{HaaNucCStarAlgAmen,
  title={All nuclear $\it{C^*}$-algebras are amenable},
  author={Haagerup, U.},
  journal={Invent. Math.},
  volume={74},
  number={2},
  pages={305--319},
  year={1983},
  publisher={Springer}
}

@book{RyanIntroTensNormsBanSp,
  author={Ryan, R.A.},
  title={Introduction to tensor products of Banach spaces},
  year={2013},
  publisher={Springer Science \& Business Media}
}

@article{GrothProdTenTopNucl,
  author={Grothendieck, A.},
  title={Produits tensoriels topologiques et espaces nucl{\'e}aires},
  journal={S{\'e}minaire Bourbaki},
  volume={2},
  pages={193--200},
  year={1955}
}

@book{MurphyCStarAlgsAndOpTh,
  author={Murphy, G.J.},
  title={$\it{C^*}$-algebras and operator theory},
  year={2014},
  publisher={Academic Press}
}

@article{SmithDecompPropCStarAlg,
  author={Smith, R.R. and Williams, D.P.},
  title={The decomposition property for $\it{C^*}$-algebras},
  journal={J. Operator Theory},
  volume={16},
  pages={51--74},
  year={1986}
}

@book{DavCSatrAlgByExmpl,
  author={Davidson, K.R.},
  title={$\it{C^*}$-algebras by example},
  volume={6},
  year={1996},
  publisher={American Mathematical Society}
}

@inproceedings{GravInjProjBanMod,
  author={Graven, A.W.M.},
  title={Injective and projective Banach modules},
  booktitle={Indag. Math. (Proceedings)},
  volume={82},
  pages={253--272},
  year={1979},
  organization={Elsevier}
}

@article{WendLeftCentrzrs,
  author={Wendel, J.G.},
  title={Left centralizers and isomorphisms of group algebras},
  journal={Pacific J. Math.},
  volume={2},
  number={3},
  pages={251--261},
  year={1952}
}

@article{RosOnRelDisjFamOfMeas,
  author={Rosenthal, H.},
  title={On relatively disjoint families of measures, with some applications to Banach space theory},
  journal={Stud. Math.},
  volume={37},
  number={1},
  pages={13--36},
  year={1970},
  publisher={IMPAN}
}

@book{WojBanSpForAnalysts,
  author={Wojtaszczyk, P.},
  title={Banach spaces for analysts},
  volume={25},
  year={1996},
  publisher={Cambridge University Press}
}


@article{LauMingComplSubspInLInfOfG,
  author={Lau, A.T.-M. and Losert, V.},
  title={Complementation of certain subspaces of $\it{L_\infty(G)}$ of a locally compact group},
  journal={Pacific J. Math.},
  volume={141},
  number={2},
  pages={295--310},
  year={1990}
}

@article{LyubIsomEmdbFinDimLp,
  author={Lyubich, Yu.I. and Shatalova, O.A.},
  title={Isometric embeddings of finite-dimensional $\ell_p$-spaces over the quaternions},
  journal={St. Petersburg Math. J.},
  volume={16},
  number={1},
  pages={9--24},
  year={2005}
}

@article{DalPolHomolPropGrAlg,
  author={Dales, H.G. and Polyakov, M.E.},
  title={Homological properties of modules over group algebras},
  journal={Proc. Lond.  Math. Soc.},
  volume={89},
  number={2},
  pages={390--426},
  year={2004},
  publisher={Oxford University Press}
}

@article{RachInjModAndAmenGr,
  author={Racher, G.},
  title={Injective modules and amenable groups},
  journal={Comment. Math. Helv.},
  volume={88},
  number={4},
  pages={1023--1031},
  year={2013}
}

@article{HelTensProdAndMultModLp,
  author={Helemskii, A.Ya.},
  title={Tensor products and multipliers of modules $\it{L_p}$ on locally compact spaces},
  journal={Math. Notes},
  volume={96},
  number={3},
  pages={450-469},
  year={2014},
  publisher={RAS}
}

@misc{BourbElemMathIntegLivVI,
  author={Bourbaki, N.},
  title={Integration. I. Chapters 1--6. Elements of Mathematics},
  year={2004},
  publisher={Springer-Verlag, Berlin}
}

@article{RundeAmenConstFour,
  author={Runde, V.},
  title={The amenability constant of the Fourier algebra},
  journal={Proc. Amer. Math. Soc.},
  volume={134},
  number={5},
  pages={1473--1481},
  year={2006}
}

@article{SelivBiproBanAlg,
  author={Selivanov, Yu.V.},
  title={Biprojective Banach algebras},
  journal={Math. of the USSR-Izvestiya},
  volume={15},
  number={2},
  pages={387},
  year={1980},
  publisher={IOP Publishing}
}